<?xml version="1.0" encoding="UTF-8"?><collection xmlns="http://www.loc.gov/MARC21/slim"><record><leader>00389nam--2200133-i-4500</leader><controlfield tag="001">000019207</controlfield><controlfield tag="002">20161230</controlfield><controlfield tag="005">20161230201033</controlfield><controlfield tag="008">060222s1000------------r-----000-0-eng-d</controlfield><datafield ind1=" " ind2=" " tag="080"><subfield code="a">658.562</subfield></datafield><datafield ind1=" " ind2=" " tag="100"><subfield code="a">Enrick, Norbert Lloyd</subfield></datafield><datafield ind1=" " ind2=" " tag="245"><subfield code="a">Controle de qualite et fiabilite dans l entreprise industrielle. traduit par e.segui</subfield></datafield><datafield ind1=" " ind2=" " tag="260"><subfield code="a">Paris, Ed.Eyrolles, 1968. Viii + 230 P</subfield></datafield><datafield ind1=" " ind2=" " tag="852"><subfield code="a">33400</subfield></datafield></record></collection>